<collection xmlns="http://www.loc.gov/MARC21/slim">
<record>
  <leader>00865nam0a22001931i 450 </leader>
  <controlfield tag="001">IT\ICCU\CNCE\078831</controlfield>
  <controlfield tag="005">20141121000000.0</controlfield>
  <datafield tag="012" ind1=" " ind2=" ">
    <subfield code="a">a-to 8Ifa neia lecr (3) 1585 (R)</subfield>
    <subfield code="2">fei</subfield>
  </datafield>
  <datafield tag="100" ind1=" " ind2=" ">
    <subfield code="a">20141121d1585        0itac0103    ba</subfield>
  </datafield>
  <datafield tag="101" ind1=" " ind2=" ">
    <subfield code="a">ITA</subfield>
  </datafield>
  <datafield tag="102" ind1=" " ind2=" ">
    <subfield code="a">IT</subfield>
  </datafield>
  <datafield tag="200" ind1="1" ind2=" ">
    <subfield code="a">Cento casi di coscienza. Raccolti dal reuerendo p.m. Serafino Razzi, dell&apos;Ordine de&apos; Predicatori della Prouincia romana. Ristampati con aggiunta d&apos;alcuni casi de&apos; Cambij, &amp; un trattato de&apos; Censi</subfield>
  </datafield>
  <datafield tag="210" ind1=" " ind2=" ">
    <subfield code="a">In Firenze</subfield>
    <subfield code="c">a stanza di Giuliano Bacciolini</subfield>
    <subfield code="d">e compagni di Lucca al vaso d&apos;oro</subfield>
    <subfield code="d">1585</subfield>
  </datafield>
  <datafield tag="215" ind1=" " ind2=" ">
    <subfield code="a">\16!, 379, \1! p.</subfield>
    <subfield code="d">12ʻ</subfield>
  </datafield>
  <datafield tag="620" ind1=" " ind2=" ">
    <subfield code="a">IT</subfield>
    <subfield code="d">Firenze</subfield>
  </datafield>
  <datafield tag="700" ind1=" " ind2="1">
    <subfield code="a">Razzi,</subfield>
    <subfield code="b">Serafino</subfield>
    <subfield code="3">IT\ICCU\CNCA\004498</subfield>
  </datafield>
  <datafield tag="712" ind1="0" ind2="0">
    <subfield code="a">Bacciolini, Giuliano &amp; C.</subfield>
    <subfield code="3">IT\ICCU\CNCT\002849</subfield>
    <subfield code="4">650</subfield>
  </datafield>
  <datafield tag="801" ind1=" " ind2="3">
    <subfield code="a">IT</subfield>
    <subfield code="b">ICCU</subfield>
    <subfield code="c">20201115</subfield>
  </datafield>
  <datafield tag="899" ind1=" " ind2=" ">
    <subfield code="a">Biblioteca della Facolt ̉teologica dell&apos;Emilia Romagna. Bologna</subfield>
    <subfield code="1">BO0344</subfield>
    <subfield code="2">PBE 11</subfield>
  </datafield>
</record>
</collection>
